@misc{KimSangtae1991M:pa,
address = {Boston},
author = {Kim, Sangtae and Karrila, Seppo J.},
isbn = {0750691735},
keywords = {Hydrodynamics},
publisher = {Butterworth-Heinemann},
series = {Butterworth-Heinemann series in chemical engineering},
title = {{Microhydrodynamics : principles and selected applications}},
year = {1991}
}

@book{Pozrikidis1992,
address = {Cambridge},
author = {Pozrikidis, C.},
doi = {10.1017/CBO9780511624124},
isbn = {9780511624124},
keywords = {Cambridge Texts in Applied Mathematics,Differential and Integral Equations,Dynamical Systems and Control,Mathematics,Numerical analysis},
publisher = {Cambridge University Press},
title = {{Boundary Integral and Singularity Methods for Linearized Viscous Flow}},
url = {http://ebooks.cambridge.org/ref/id/CBO9780511624124},
year = {1992}
}

@book{ladyzhenskaya1969mathematical,
  title={The mathematical theory of viscous incompressible flow},
  author={Ladyzhenskaya, Olga A},
  volume={76},
  year={1969},
  publisher={Gordon and Breach New York}
}

@book{hackbusch2012integral,
  title={Integral equations: theory and numerical treatment},
  author={Hackbusch, Wolfgang},
  volume={120},
  year={2012},
  publisher={Birkh{\"a}user}
}

@incollection{atkinson2009numerical,
  title={Numerical Solution of Fredholm Integral Equations of the Second Kind},
  author={Atkinson, Kendall and Han, Weimin},
  booktitle={Theoretical Numerical Analysis},
  pages={473--549},
  year={2009},
  publisher={Springer}
}

@article{bornemann2010numerical,
  title={On the numerical evaluation of Fredholm determinants},
  author={Bornemann, Folkmar},
  journal={Mathematics of Computation},
  volume={79},
  number={270},
  pages={871--915},
  year={2010}
}

@phdthesis{farkas1989mathematical,
  title={Mathematical foundations for fast algorithms for the biharmonic equation},
  author={Farkas, Peter},
  year={1989},
  school={University of Chicago, Department of Mathematics}
}

@article{kelliher2009eigenvalues,
  title={Eigenvalues of the Stokes operator versus the Dirichlet Laplacian in the plane},
  author={Kelliher, James},
  journal={Pacific Journal of Mathematics},
  volume={244},
  number={1},
  pages={99--132},
  year={2009},
  publisher={Mathematical Sciences Publishers}
}
@article{zhao2015robust,
  title={Robust and efficient solution of the drum problem via Nystrom approximation of the Fredholm determinant},
  author={Zhao, Lin and Barnett, Alex},
  journal={SIAM Journal on Numerical Analysis},
  volume={53},
  number={4},
  pages={1984--2007},
  year={2015},
  publisher={SIAM}
}


@techreport{biros2002embedded,
  title={The embedded boundary integral method for the unsteady incompressible Navier--Stokes equations},
  author={Biros, George and Ying, Lexing and Zorin, Denis},
  year={2002},
  institution={Courant Institute, New York University},
  number={TR2003-838},
  note={https://cs.nyu.edu/media/publications/TR2003-838.pdf}
}

@book{pozrikidis1992boundary,
  title={Boundary integral and singularity methods for linearized viscous flow},
  author={Pozrikidis, Constantine},
  year={1992},
  publisher={Cambridge University Press}
}

@book{kitahara2014boundary,
  title={Boundary integral equation methods in eigenvalue problems of elastodynamics and thin plates},
  author={Kitahara, Michihiro},
  volume={10},
  year={2014},
  publisher={Elsevier}
}

@article{lovadina2009posteriori,
  title={A posteriori estimates for the Stokes eigenvalue problem},
  author={Lovadina, Carlo and Lyly, Mikko and Stenberg, Rolf},
  journal={Numerical Methods for Partial Differential Equations},
  volume={25},
  number={1},
  pages={244--257},
  year={2009},
  publisher={Wiley Online Library}
}

@article{carstensen2014guaranteed,
  title={Guaranteed lower eigenvalue bounds for the biharmonic equation},
  author={Carstensen, Carsten and Gallistl, Dietmar},
  journal={Numerische Mathematik},
  volume={126},
  number={1},
  pages={33--51},
  year={2014},
  publisher={Springer}
}


@book{kress1989linear,
  title={Linear integral equations},
  author={Kress, Rainer and Maz'ya, V and Kozlov, V},
  volume={17},
  year={1989},
  publisher={Springer}
}

@misc{reed1972methods,
  title={Methods of mathematical physics I: Functional analysis},
  author={Reed, Michael and Simon, Barry},
  year={1972},
  publisher={Academic Press New York}
}

@article{johnson1974beam,
  title={Beam buckling by finite element procedure},
  author={Johnson, C Philip and Will, Kenneth M},
  journal={Journal of the Structural Division},
  volume={100},
  number={Proc Paper 10432},
  year={1974}
}

@article{rachh2017integral,
  title={Integral equation formulation of the biharmonic Dirichlet problem},
  author={Rachh, Manas and Askham, Travis},
  journal={Journal of Scientific Computing},
  pages={1--20},
  year={2017},
  publisher={Springer}
}

@article{rannacher1979nonconforming,
abstract = {The paper deals with nonconforming finite element methods for approximating fourth order eigenvalue problems of type{\$}\Delta{\$}2w={\$}\lambda{\$}{\$}\Delta{\$}w. The methods are handled within an abstract Hilbert space framework which is a special case of the discrete approximation schemes introduced by Stummel and Grigorieff. This leads to qualitative spectral convergence under rather weak conditions guaranteeing the basic properties of consistency and discrete compactness for the nonconforming methods. Further asymptotic error estimates for eigenvalues and eigenfunctions are derived in terms of the given orders of approximability and nonconformity. These results can be applied to various nonconforming finite elements used by Adini, Morley, Zienkiewicz, de Veubeke e.a. This is carried out for the simple elements of Adini and Morley and is illustrated by some numerical results at the end.},
author = {Rannacher, Rolf},
doi = {10.1007/BF01396493},
issn = {0945-3245},
journal = {Numerische Mathematik},
month = {mar},
number = {1},
pages = {23--42},
title = {{Nonconforming finite element methods for eigenvalue problems in linear plate theory}},
url = {https://doi.org/10.1007/BF01396493},
volume = {33},
year = {1979}
}

@article{jiang2013second,
  title={Second kind integral equation formulation for the modified biharmonic equation and its applications},
  author={Jiang, Shidong and Kropinski, Mary Catherine A and Quaife, Bryan D},
  journal={Journal of Computational Physics},
  volume={249},
  pages={113--126},
  year={2013},
  publisher={Elsevier}
}

@article{antunes2011buckling,
  title={On the buckling eigenvalue problem},
  author={Antunes, Pedro RS},
  journal={Journal of Physics A: Mathematical and Theoretical},
  volume={44},
  number={21},
  pages={215205},
  year={2011},
  publisher={IOP Publishing}
}
@article{jia2009approximation,
  title={Approximation and eigenvalue extrapolation of Stokes eigenvalue problem by nonconforming finite element methods},
  author={Jia, Shanghui and Xie, Hehu and Yin, Xiaobo and Gao, Shaoqin},
  journal={Applications of Mathematics},
  volume={54},
  number={1},
  pages={1--15},
  year={2009},
  publisher={Springer}
}

@article{huang2011numerical,
  title={Numerical investigations on several stabilized finite element methods for the Stokes eigenvalue problem},
  author={Huang, Pengzhan and He, Yinnian and Feng, Xinlong},
  journal={Mathematical Problems in Engineering},
  volume={2011},
  year={2011},
  publisher={Hindawi}
}

@article{bremer2012,
author = {James Bremer},
title = {On the Nystr{\"{o}}m discretization of integral equations on planar curves with corners},
journal = {Applied and Computational Harmonic Analysis},
volume = {32},
number = {1},
pages = {45--64},
year = {2012}
}

@article{bremer2010,
  title={A nonlinear optimization procedure for 
generalized {G}aussian quadratures},
  author={Bremer, James and Gimbutas, Zydrunas and Rokhlin, Vladimir},
  journal={SIAM Journal on Scientific Computing},
  volume={32},
  number={4},
  pages={1761--1788},
  year={2010},
  publisher={SIAM}
}

@article{bremer2010u,
  title={Universal quadratures for boundary integral equations on two-dimensional domains with corners},
  author={Bremer, James and Rokhlin, Vladimir and Sammis, Ian},
  journal={Journal of Computational Physics},
  volume={229},
  number={22},
  pages={8259--8280},
  year={2010},
  publisher={Elsevier}
}

@book{colton1983integral,
address = {New York},
author = {Colton, David L and Kress, Rainer},
isbn = {047186420X},
keywords = {Boundary value problems,Integral equations,Scatt},
publisher = {Wiley},
series = {Pure and Applied Mathematics},
title = {{Integral equation methods in scattering theory}},
year = {1983}
}
