%% applications
@article{batcho1994generalized,
  title={Generalized {S}tokes eigenfunctions: a new trial basis for the solution of incompressible {N}avier-{S}tokes equations},
  author={Batcho, Paul F and Karniadakis, George Em},
  journal={Journal of Computational Physics},
  volume={115},
  number={1},
  pages={121--146},
  year={1994},
  publisher={Elsevier}
}

@article{schneider2008final,
  title={Final states of decaying 2D turbulence in bounded domains: Influence of the geometry},
  author={Schneider, Kai and Farge, Marie},
  journal={Physica D: Nonlinear Phenomena},
  volume={237},
  number={14-17},
  pages={2228--2233},
  year={2008},
  publisher={Elsevier}
}

@article{osborn1976approximation,
  title={Approximation of the Eigenvalues of a Nonselfadjoint Operator Arising in the Study of the Stability of Stationary Solutions of the {N}avier--{S}tokes Equations},
  author={Osborn, John E},
  journal={SIAM Journal on Numerical Analysis},
  volume={13},
  number={2},
  pages={185--197},
  year={1976},
  publisher={SIAM}
}

%% pure math

@article{kelliher2009eigenvalues,
  title={Eigenvalues of the {S}tokes operator versus the {D}irichlet Laplacian in the plane},
  author={Kelliher, James},
  journal={Pacific Journal of Mathematics},
  volume={244},
  number={1},
  pages={99--132},
  year={2009},
  publisher={Mathematical Sciences Publishers}
}

@article{payne1955inequalities,
  title={Inequalities for eigenvalues of membranes and plates},
  author={Payne, Lawrence Edward},
  journal={Journal of Rational Mechanics and Analysis},
  volume={4},
  pages={517--529},
  year={1955},
  publisher={JSTOR}
}

@book{constantin1988navier,
  title={{N}avier--{S}tokes equations},
  author={Constantin, Peter and Foias, Ciprian},
  year={1988},
  publisher={University of Chicago Press}
}

@article{leriche2004stokes,
  title={{S}tokes eigenmodes in square domain and the stream function--vorticity correlation},
  author={Leriche, E and Labrosse, G},
  journal={Journal of Computational Physics},
  volume={200},
  number={2},
  pages={489--511},
  year={2004},
  publisher={Elsevier}
}

@article{taylor1933buckling,
  title={The buckling load for a rectangular plate with four clamped edges},
  author={Taylor, GI},
  journal={ZAMM-Journal of Applied Mathematics and Mechanics/Zeitschrift f{\"u}r Angewandte Mathematik und Mechanik},
  volume={13},
  number={2},
  pages={147--152},
  year={1933},
  publisher={Wiley Online Library}
}

@article{szego1950membranes,
  title={On membranes and plates},
  author={Szeg{\"o}, G{\'a}bro},
  journal={Proceedings of the National Academy of Sciences of the United States of America},
  volume={36},
  number={3},
  pages={210},
  year={1950},
  publisher={National Academy of Sciences}
}

@book{polya1951isoperimetric,
  title={Isoperimetric inequalities in mathematical physics},
  author={P{\'o}lya, Gy{\"o}rgy and P{\'o}lya, George and Szeg{\H{o}}, G{\'a}bor},
  year={1951},
  publisher={Princeton University Press}
}

@article{bramble1963pointwise,
  title={Pointwise bounds in the first biharmonic boundary value problem},
  author={Bramble, JH and Payne, LE},
  journal={Journal of Mathematics and Physics},
  volume={42},
  number={1-4},
  pages={278--286},
  year={1963},
  publisher={Wiley Online Library}
}

@article{ashbaugh1996fundamental,
  title={Fundamental tones and buckling loads of clamped plates},
  author={Ashbaugh, Mark S and Laugesen, Richard S},
  journal={Annali della Scuola Normale Superiore di Pisa-Classe di Scienze},
  volume={23},
  number={2},
  pages={383--402},
  year={1996}
}
%% fem etc


@article{babuska1997pollution,
  title={Is the pollution effect of the {FEM} avoidable for
  the {H}elmholtz equation considering high wave numbers?},
  author={Babuska, Ivo M and Sauter, Stefan A},
  journal={SIAM Journal on numerical analysis},
  volume={34},
  number={6},
  pages={2392--2423},
  year={1997},
  publisher={SIAM}
}

@article{chen2006approximation,
  title={Approximation of an eigenvalue problem associated with the {S}tokes problem by the stream function-vorticity-pressure method},
  author={Chen, Wei and Lin, Qun},
  journal={Applications of Mathematics},
  volume={51},
  number={1},
  pages={73--88},
  year={2006},
  publisher={Springer}
}


@article{rannacher1979nonconforming,
abstract = {The paper deals with nonconforming finite element methods for approximating fourth order eigenvalue problems of type{\$}\Delta{\$}2w={\$}\lambda{\$}{\$}\Delta{\$}w. The methods are handled within an abstract Hilbert space framework which is a special case of the discrete approximation schemes introduced by Stummel and Grigorieff. This leads to qualitative spectral convergence under rather weak conditions guaranteeing the basic properties of consistency and discrete compactness for the nonconforming methods. Further asymptotic error estimates for eigenvalues and eigenfunctions are derived in terms of the given orders of approximability and nonconformity. These results can be applied to various nonconforming finite elements used by Adini, Morley, Zienkiewicz, de Veubeke e.a. This is carried out for the simple elements of Adini and Morley and is illustrated by some numerical results at the end.},
author = {Rannacher, Rolf},
doi = {10.1007/BF01396493},
issn = {0945-3245},
journal = {Numerische Mathematik},
month = {mar},
number = {1},
pages = {23--42},
title = {{Nonconforming finite element methods for eigenvalue problems in linear plate theory}},
url = {https://doi.org/10.1007/BF01396493},
volume = {33},
year = {1979}
}

@article{jia2009approximation,
  title={Approximation and eigenvalue extrapolation of {S}tokes eigenvalue problem by nonconforming finite element methods},
  author={Jia, Shanghui and Xie, Hehu and Yin, Xiaobo and Gao, Shaoqin},
  journal={Applications of Mathematics},
  volume={54},
  number={1},
  pages={1--15},
  year={2009},
  publisher={Springer}
}

@article{huang2011numerical,
  title={Numerical investigations on several stabilized finite element methods for the {S}tokes eigenvalue problem},
  author={Huang, Pengzhan and He, Yinnian and Feng, Xinlong},
  journal={Mathematical Problems in Engineering},
  volume={2011},
  year={2011},
  publisher={Hindawi}
}


@article{mercier1981eigenvalue,
  title={Eigenvalue approximation by mixed and hybrid methods},
  author={Mercier, B and Osborn, J and Rappaz, J and Raviart, P-A},
  journal={Mathematics of Computation},
  volume={36},
  number={154},
  pages={427--453},
  year={1981}
}

@article {bjorstad1999high,
    AUTHOR = {Bj\o rstad, P. E. and Tj\o stheim, B. P.},
     TITLE = {High precision solutions of two fourth order eigenvalue
              problems},
   JOURNAL = {Computing},
  FJOURNAL = {Computing. Archives for Scientific Computing},
    VOLUME = {63},
      YEAR = {1999},
    NUMBER = {2},
     PAGES = {97--107},
      ISSN = {0010-485X},
   MRCLASS = {65N25 (65N35 74G15)},
  MRNUMBER = {1736662},
MRREVIEWER = {E. G. D\cprime yakonov},
       DOI = {10.1007/s006070050053},
       URL = {https://doi.org/10.1007/s006070050053},
}

@article{johnson1974beam,
  title={Beam buckling by finite element procedure},
  author={Johnson, C Philip and Will, Kenneth M},
  journal={Journal of the Structural Division},
  volume={100},
  number={Proc Paper 10432},
  year={1974}
}

%% type B

@article{antunes2011buckling,
  title={On the buckling eigenvalue problem},
  author={Antunes, Pedro RS},
  journal={Journal of Physics A: Mathematical and Theoretical},
  volume={44},
  number={21},
  pages={215205},
  year={2011},
  publisher={IOP Publishing}
}


@article{lindsay2018boundary,
  title={A boundary integral equation method for mode elimination and vibration confinement in thin plates with clamped points},
  author={Lindsay, Alan E and Quaife, Bryan and Wendelberger, Laura},
  journal={Advances in Computational Mathematics},
  volume={44},
  number={4},
  pages={1249--1273},
  year={2018},
  publisher={Springer}
}


@book{kitahara2014boundary,
  title={Boundary integral equation methods in eigenvalue problems of elastodynamics and thin plates},
  author={Kitahara, Michihiro},
  volume={10},
  year={2014},
  publisher={Elsevier}
}


%%


@misc{KimSangtae1991,
address = {Boston},
author = {Kim, Sangtae and Karrila, Seppo J.},
isbn = {0750691735},
keywords = {Hydrodynamics},
publisher = {Butterworth-Heinemann},
series = {Butterworth-Heinemann series in chemical engineering},
title = {{Microhydrodynamics : principles and selected applications}},
year = {1991}
}


@book{simon2005trace,
  title={Trace ideals and their applications},
  author={Simon, Barry},
  number={120},
  year={2005},
  publisher={American Mathematical Soc.}
}

@book{Pozrikidis1992,
address = {Cambridge},
author = {Pozrikidis, C.},
doi = {10.1017/CBO9780511624124},
isbn = {9780511624124},
keywords = {Cambridge Texts in Applied Mathematics,Differential and Integral Equations,Dynamical Systems and Control,Mathematics,Numerical analysis},
publisher = {Cambridge University Press},
title = {{Boundary Integral and Singularity Methods for Linearized Viscous Flow}},
url = {http://ebooks.cambridge.org/ref/id/CBO9780511624124},
year = {1992}
}

@book{ladyzhenskaya1969mathematical,
  title={The mathematical theory of viscous incompressible flow},
  author={Ladyzhenskaya, Olga A},
  volume={76},
  year={1969},
  publisher={Gordon and Breach New York}
}

@book{hackbusch2012integral,
  title={Integral equations: theory and numerical treatment},
  author={Hackbusch, Wolfgang},
  volume={120},
  year={2012},
  publisher={Birkh{\"a}user}
}

@incollection{atkinson2009numerical,
  title={Numerical Solution of Fredholm Integral Equations of the Second Kind},
  author={Atkinson, Kendall and Han, Weimin},
  booktitle={Theoretical Numerical Analysis},
  pages={473--549},
  year={2009},
  publisher={Springer}
}

@article{bornemann2010numerical,
  title={On the numerical evaluation of Fredholm determinants},
  author={Bornemann, Folkmar},
  journal={Mathematics of Computation},
  volume={79},
  number={270},
  pages={871--915},
  year={2010}
}

@book{hilbertbook,
title={Grundz? ge einer allgemeinen theorie der linearen integralgleichungen},
author={Hilbert, David},
year={1904},
publisher={Рипол Классик}
}

@article{carlemanbook,
title={Zur theorie der Minimalfl{\"a}chen},
author={Carleman, Torsten},
journal={Mathematische Zeitschrift},
volume={9},
number={1},
pages={154--160},
year={1921},
publisher={Springer}
}


@misc{barnettmpspack,
  title={{MPSpack}: A {MATLAB} toolbox to solve {H}elmholtz {PDE}, wave scattering, and eigenvalue problems, 2008--2012},
  author={Barnett, AH and Betcke, T}
}

@phdthesis{farkas1989mathematical,
  title={Mathematical foundations for fast algorithms for the biharmonic equation},
  author={Farkas, Peter},
  year={1989},
  school={University of Chicago, Department of Mathematics}
}

@article{zhao2015robust,
  title={Robust and efficient solution of the drum problem via Nystrom approximation of the Fredholm determinant},
  author={Zhao, Lin and Barnett, Alex},
  journal={SIAM Journal on Numerical Analysis},
  volume={53},
  number={4},
  pages={1984--2007},
  year={2015},
  publisher={SIAM}
}


@techreport{biros2002embedded,
  title={The embedded boundary integral method for the unsteady incompressible {N}avier--{S}tokes equations},
  author={Biros, George and Ying, Lexing and Zorin, Denis},
  year={2002},
  institution={Courant Institute, New York University},
  number={TR2003-838},
  note={https://cs.nyu.edu/media/publications/TR2003-838.pdf}
}

@article{lovadina2009posteriori,
  title={A posteriori estimates for the {S}tokes eigenvalue problem},
  author={Lovadina, Carlo and Lyly, Mikko and Stenberg, Rolf},
  journal={Numerical Methods for Partial Differential Equations},
  volume={25},
  number={1},
  pages={244--257},
  year={2009},
  publisher={Wiley Online Library}
}

@article{carstensen2014guaranteed,
  title={Guaranteed lower eigenvalue bounds for the biharmonic equation},
  author={Carstensen, Carsten and Gallistl, Dietmar},
  journal={Numerische Mathematik},
  volume={126},
  number={1},
  pages={33--51},
  year={2014},
  publisher={Springer}
}


@article{hao2014high,
title={High-order accurate methods for Nystr{\"o}m discretization of integral equations on smooth curves in the plane},
author={Hao, Sijia and Barnett, Alex H and Martinsson, Per-Gunnar and Young, P},
journal={Advances in Computational Mathematics},
volume={40},
number={1},
pages={245--272},
year={2014},
publisher={Springer}
}


@book{kress1989linear,
  title={Linear integral equations},
  author={Kress, Rainer and Maz'ya, V and Kozlov, V},
  volume={17},
  year={1989},
  publisher={Springer}
}


@article{kress1991boundary,
title={Boundary integral equations in time-harmonic acoustic scattering},
author={Kress, Rainer},
journal={Mathematical and Computer Modelling},
volume={15},
number={3-5},
pages={229--243},
year={1991},
publisher={Elsevier}
}



@misc{reed1972methods,
  title={Methods of mathematical physics I: Functional analysis},
  author={Reed, Michael and Simon, Barry},
  year={1972},
  publisher={Academic Press New York}
}

@article{rachh2017integral,
  title={Integral equation formulation of the biharmonic {D}irichlet problem},
  author={Rachh, Manas and Askham, Travis},
  journal={Journal of Scientific Computing},
  pages={1--20},
  year={2017},
  publisher={Springer}
}

@article{jiang2013second,
  title={Second kind integral equation formulation for the modified biharmonic equation and its applications},
  author={Jiang, Shidong and Kropinski, Mary Catherine and Quaife, Bryan D},
  journal={Journal of Computational Physics},
  volume={249},
  pages={113--126},
  year={2013},
  publisher={Elsevier}
}


@article{qbxquadrature,
title={Quadrature by expansion: A new method for the evaluation of layer potentials},
author={Kl{\"o}ckner, Andreas and Barnett, Alexander and Greengard, Leslie and O'Neil, Michael},
journal={Journal of Computational Physics},
volume={252},
pages={332--349},
year={2013},
publisher={Elsevier}
}

@article{bremer2012nystrom,
  title={A Nystr{\"o}m method for weakly singular integral operators on surfaces},
  author={Bremer, James and Gimbutas, Zydrunas},
  journal={Journal of computational physics},
  volume={231},
  number={14},
  pages={4885--4903},
  year={2012},
  publisher={Elsevier}
}

@article{bruno2001fast,
  title={A fast, high-order algorithm for the solution of surface scattering problems: basic implementation, tests, and applications},
  author={Bruno, Oscar P and Kunyansky, Leonid A},
  journal={Journal of Computational Physics},
  volume={169},
  number={1},
  pages={80--110},
  year={2001},
  publisher={Elsevier}
}

@article{helsing2008evaluation,
  title={On the evaluation of layer potentials close to their sources},
  author={Helsing, Johan and Ojala, Rikard},
  journal={Journal of Computational Physics},
  volume={227},
  number={5},
  pages={2899--2921},
  year={2008},
  publisher={Elsevier}
}


@article{alpert1999,
title={Hybrid Gauss-trapezoidal quadrature rules},
author={Alpert, Bradley K},
journal={SIAM Journal on Scientific Computing},
volume={20},
number={5},
pages={1551--1584},
year={1999},
publisher={SIAM}
}


@article{bremer2012,
author = {James Bremer},
title = {On the Nystr{\"{o}}m discretization of integral equations on planar curves with corners},
journal = {Applied and Computational Harmonic Analysis},
volume = {32},
number = {1},
pages = {45--64},
year = {2012}
}

@article{bremer2010,
  title={A nonlinear optimization procedure for 
generalized {G}aussian quadratures},
  author={Bremer, James and Gimbutas, Zydrunas and Rokhlin, Vladimir},
  journal={SIAM Journal on Scientific Computing},
  volume={32},
  number={4},
  pages={1761--1788},
  year={2010},
  publisher={SIAM}
}

@book{colton1983integral,
address = {New York},
author = {Colton, David L and Kress, Rainer},
isbn = {047186420X},
keywords = {Boundary value problems,Integral equations,Scatt},
publisher = {Wiley},
series = {Pure and Applied Mathematics},
title = {{Integral equation methods in scattering theory}},
year = {1983}
}

@article{trefethen2006computed,
  title={Computed eigenmodes of planar regions},
  author={Trefethen, Lloyd N and Betcke, Timo},
  journal={Contemporary Mathematics},
  volume={412},
  pages={297--314},
  year={2006},
  publisher={Providence, RI: American Mathematical Society}
}

@book{trefethen2013approximation,
  title={Approximation theory and approximation practice},
  author={Trefethen, Lloyd N},
  volume={128},
  year={2013},
  publisher={{SIAM}}
}

%%

@article{helsing2008corner,
  title={Corner singularities for elliptic problems: Integral equations, graded meshes, quadrature, and compressed inverse preconditioning},
  author={Helsing, Johan and Ojala, Rikard},
  journal={Journal of Computational Physics},
  volume={227},
  number={20},
  pages={8820--8840},
  year={2008},
  publisher={Elsevier}
}

@article{helsing2018integral,
  title={On integral equation methods for the first {D}irichlet problem of the biharmonic and modified biharmonic equations in nonsmooth domains},
  author={Helsing, Johan and Jiang, Shidong},
  journal={SIAM Journal on Scientific Computing},
  volume={40},
  number={4},
  pages={A2609--A2630},
  year={2018},
  publisher={SIAM}
}

@article{rachh2017solution,
  title={On the solution of {S}tokes equation on regions with corners},
  author={Rachh, Manas and Serkh, Kirill},
  journal={arXiv preprint arXiv:1711.04072},
  year={2017}
}

@article{serkh2016solution,
  title={On the solution of elliptic partial differential equations on regions with corners},
  author={Serkh, Kirill and Rokhlin, Vladimir},
  journal={Journal of Computational Physics},
  volume={305},
  pages={150--171},
  year={2016},
  publisher={Elsevier}
}

@article{cheng2005compression,
  title={On the compression of low rank matrices},
  author={Cheng, Hongwei and Gimbutas, Zydrunas and Martinsson, Per-Gunnar and Rokhlin, Vladimir},
  journal={SIAM Journal on Scientific Computing},
  volume={26},
  number={4},
  pages={1389--1404},
  year={2005},
  publisher={SIAM}
}

@article{ho2012fast,
  title={A fast direct solver for structured linear systems by recursive skeletonization},
  author={Ho, Kenneth L and Greengard, Leslie},
  journal={SIAM Journal on Scientific Computing},
  volume={34},
  number={5},
  pages={A2507--A2532},
  year={2012},
  publisher={SIAM}
}

@misc{hoFLAM_1253582,
  author       = {Kenneth L. Ho},
  title        = {{FLAM}: Fast linear algebra in {MATLAB}},
  month        = may,
  year         = 2018,
  doi          = {10.5281/zenodo.1253582},
  url          = {https://doi.org/10.5281/zenodo.1253582}
}

@misc{driscoll2014chebfun,
  title={Chebfun guide},
  author={Driscoll, Tobin A and Hale, Nicholas and Trefethen, Lloyd N},
  year={2014},
  publisher={Pafnuty Publications, Oxford}
}

@article{epstein2016smoothed,
  title={Smoothed corners and scattered waves},
  author={Epstein, Charles L and O'Neil, Michael},
  journal={SIAM Journal on Scientific Computing},
  volume={38},
  number={5},
  pages={A2665--A2698},
  year={2016},
  publisher={SIAM}
}

@article{halko2011finding,
  title={Finding structure with randomness: Probabilistic algorithms for constructing approximate matrix decompositions},
  author={Halko, Nathan and Martinsson, Per-Gunnar and Tropp, Joel A},
  journal={SIAM review},
  volume={53},
  number={2},
  pages={217--288},
  year={2011},
  publisher={SIAM}
}

@article{noferini2017chebyshev,
  title={Chebyshev rootfinding via computing eigenvalues of colleague matrices: when is it stable?},
  author={Noferini, Vanni and P{\'e}rez, Javier},
  journal={Mathematics of Computation},
  volume={86},
  number={306},
  pages={1741--1767},
  year={2017}
}

@article{overvelde2012compaction,
  title={Compaction through buckling in 2D periodic, soft and porous structures: effect of pore shape},
  author={Overvelde, Johannes TB and Shan, Sicong and Bertoldi, Katia},
  journal={Advanced Materials},
  volume={24},
  number={17},
  pages={2337--2342},
  year={2012},
  publisher={Wiley Online Library}
}

@article{filoche2009strong,
  title={Strong localization induced by one clamped point in thin plate vibrations},
  author={Filoche, Marcel and Mayboroda, Svitlana},
  journal={Physical review letters},
  volume={103},
  number={25},
  pages={254301},
  year={2009},
  publisher={APS}
}


%% integral equations for other eigenvalues


% second-kind

@article{kirsch2007integral,
  title={An integral equation approach and the interior transmission problem for Maxwell's equations},
  author={Kirsch, Andreas},
  journal={Inverse Problems and Imaging},
  volume={1},
  number={1},
  pages={159},
  year={2007},
  publisher={AMERICAN INSTITUTE OF MATHEMATICAL SCIENCES}
}

@incollection{backer2003numerical,
  title={Numerical aspects of eigenvalue and eigenfunction computations for chaotic quantum systems},
  author={B{\"a}cker, Arnd},
  booktitle={The mathematical aspects of quantum maps},
  pages={91--144},
  year={2003},
  publisher={Springer}
}

@article{veble2007expanded,
  title={Expanded boundary integral method and chaotic time-reversal doublets in quantum billiards},
  author={Veble, Gregor and Prosen, Toma{\v{z}} and Robnik, Marko},
  journal={New Journal of Physics},
  volume={9},
  number={1},
  pages={15},
  year={2007},
  publisher={IOP Publishing}
}

@article{tureci2007efficient,
  title={An efficient Fredholm method for the calculation of highly excited states of billiards},
  author={T{\"u}reci, Hakan E and Schwefel, Harald GL},
  journal={Journal of Physics A: Mathematical and Theoretical},
  volume={40},
  number={46},
  pages={13869},
  year={2007},
  publisher={IOP Publishing}
}

@article{barnett2006asymptotic,
  title={Asymptotic rate of quantum ergodicity in chaotic Euclidean billiards},
  author={Barnett, Alexander},
  journal={Communications on Pure and Applied Mathematics: A Journal Issued by the Courant Institute of Mathematical Sciences},
  volume={59},
  number={10},
  pages={1457--1488},
  year={2006},
  publisher={Wiley Online Library}
}

@article{kimeswenger2014coupled,
  title={Coupled finite and boundary element methods for fluid-solid interaction eigenvalue problems},
  author={Kimeswenger, A and Steinbach, Olaf and Unger, G},
  journal={SIAM journal on numerical analysis},
  volume={52},
  number={5},
  pages={2400--2414},
  year={2014},
  publisher={SIAM}
}

@article{lu1991eigenvalues,
  title={Eigenvalues of the Laplacian through boundary integral equations},
  author={Lu, Ya Yan and Yau, Shing-Tung},
  journal={SIAM journal on matrix analysis and applications},
  volume={12},
  number={3},
  pages={597--609},
  year={1991},
  publisher={SIAM}
}

@article{akhmetgaliyev2015boundary,
  title={A boundary integral algorithm for the Laplace Dirichlet--Neumann mixed eigenvalue problem},
  author={Akhmetgaliyev, Eldar and Bruno, Oscar P and Nigam, Nilima},
  journal={Journal of Computational Physics},
  volume={298},
  pages={1--28},
  year={2015},
  publisher={Elsevier}
}
@article{steinbach2012convergence,
  title={Convergence analysis of a Galerkin boundary element method for the Dirichlet Laplacian eigenvalue problem},
  author={Steinbach, Olaf and Unger, Gerhard},
  journal={SIAM Journal on Numerical Analysis},
  volume={50},
  number={2},
  pages={710--728},
  year={2012},
  publisher={SIAM}
}
% eigenvalues of the integral operator

@article{mayergoyz2005electrostatic,
  title={Electrostatic (plasmon) resonances in nanoparticles},
  author={Mayergoyz, Isaak D and Fredkin, Donald R and Zhang, Zhenyu},
  journal={Physical Review B},
  volume={72},
  number={15},
  pages={155412},
  year={2005},
  publisher={APS}
}
