@article{kelliher2009eigenvalues,
  title={Eigenvalues of the Stokes operator versus the Dirichlet Laplacian in the plane},
  author={Kelliher, James},
  journal={Pacific Journal of Mathematics},
  volume={244},
  number={1},
  pages={99--132},
  year={2009},
  publisher={Mathematical Sciences Publishers}
}
@article{zhao2015robust,
  title={Robust and efficient solution of the drum problem via Nystrom approximation of the Fredholm determinant},
  author={Zhao, Lin and Barnett, Alex},
  journal={SIAM Journal on Numerical Analysis},
  volume={53},
  number={4},
  pages={1984--2007},
  year={2015},
  publisher={SIAM}
}


@techreport{biros2002embedded,
  title={The embedded boundary integral method for the unsteady incompressible Navier--Stokes equations},
  author={Biros, George and Ying, Lexing and Zorin, Denis},
  year={2002},
  institution={Courant Institute, New York University},
  number={TR2003-838},
  note={https://cs.nyu.edu/media/publications/TR2003-838.pdf}
}

@book{pozrikidis1992boundary,
  title={Boundary integral and singularity methods for linearized viscous flow},
  author={Pozrikidis, Constantine},
  year={1992},
  publisher={Cambridge University Press}
}

@book{kitahara2014boundary,
  title={Boundary integral equation methods in eigenvalue problems of elastodynamics and thin plates},
  author={Kitahara, Michihiro},
  volume={10},
  year={2014},
  publisher={Elsevier}
}

@article{lovadina2009posteriori,
  title={A posteriori estimates for the Stokes eigenvalue problem},
  author={Lovadina, Carlo and Lyly, Mikko and Stenberg, Rolf},
  journal={Numerical Methods for Partial Differential Equations},
  volume={25},
  number={1},
  pages={244--257},
  year={2009},
  publisher={Wiley Online Library}
}

@article{jia2009approximation,
  title={Approximation and eigenvalue extrapolation of Stokes eigenvalue problem by nonconforming finite element methods},
  author={Jia, Shanghui and Xie, Hehu and Yin, Xiaobo and Gao, Shaoqin},
  journal={Applications of Mathematics},
  volume={54},
  number={1},
  pages={1--15},
  year={2009},
  publisher={Springer}
}

@article{huang2011numerical,
  title={Numerical investigations on several stabilized finite element methods for the Stokes eigenvalue problem},
  author={Huang, Pengzhan and He, Yinnian and Feng, Xinlong},
  journal={Mathematical Problems in Engineering},
  volume={2011},
  year={2011},
  publisher={Hindawi}
}